<record><leader>00000cas a22000007a 4500</leader><controlfield tag="001">16845505</controlfield><controlfield tag="008">871013d19041973nyuwr ne      0    0eng d</controlfield><datafield ind1=" " ind2=" " tag="010"><subfield code="a">sn 87070296 </subfield></datafield><datafield ind1=" " ind2=" " tag="040"><subfield code="a">NYS</subfield><subfield code="b">eng</subfield><subfield code="c">NYS</subfield><subfield code="d">OCLCQ</subfield></datafield><datafield ind1=" " ind2=" " tag="042"><subfield code="a">msc</subfield></datafield><datafield ind1="0" ind2=" " tag="130"><subfield code="a">Schuylerville standard (Schuylerville, N.Y. : 1904)</subfield></datafield><datafield ind1="1" ind2="4" tag="245"><subfield code="a">The Schuylerville standard.</subfield></datafield><datafield ind1=" " ind2=" " tag="260"><subfield code="a">Schuylerville, N.Y. :</subfield><subfield code="b">C.C. Allen</subfield></datafield><datafield ind1=" " ind2=" " tag="300"><subfield code="a">v.</subfield></datafield><datafield ind1=" " ind2=" " tag="310"><subfield code="a">Weekly</subfield></datafield><datafield ind1="1" ind2=" " tag="362"><subfield code="a">Began in 1904.</subfield></datafield><datafield ind1="0" ind2=" " tag="362"><subfield code="a">-v. 104, no. 40 (Apr. 26, 1973).</subfield></datafield><datafield ind1=" " ind2=" " tag="500"><subfield code="a">Publishers: C.C. Allen, 1904-&lt;1916&gt;; Standard Pub. Co., &lt;1921&gt;; Schuylerville Standard Pub. Co., &lt;1924-1950&gt;; Thelma E. Carey, &lt;1964-1970&gt;; Elizabeth M. Allen Estate, -1973.</subfield></datafield><datafield ind1=" " ind2=" " tag="515"><subfield code="a">In 1971, volume number 78 followed by volume number 103.</subfield></datafield><datafield ind1=" " ind2=" " tag="588"><subfield code="a">Description based on: Vol. 35, no. 10 (July 7, 1904).</subfield></datafield><datafield ind1=" " ind2="4" tag="651"><subfield code="a">Schuylerville (N.Y.)</subfield><subfield code="v">Newspapers.</subfield></datafield><datafield ind1=" " ind2=" " tag="752"><subfield code="a">United States</subfield><subfield code="b">New York</subfield><subfield code="c">Saratoga</subfield><subfield code="d">Schuylerville.</subfield></datafield><datafield ind1="0" ind2="0" tag="780"><subfield code="t">Schuylerville standard and Greenwich and Schuylerville town talk</subfield><subfield code="w">(DLC)sn 88074380</subfield></datafield><datafield ind1="1" ind2=" " tag="029"><subfield code="a">AU@</subfield><subfield code="b">000025795744</subfield></datafield></record>